@article{Bosilca201237,
title = "DAGuE: A generic distributed DAG engine for High Performance Computing",
journal = "Parallel Computing",
volume = "38",
number = "12",
pages = "37 - 51",
year = "2012",
note = "<ce:title>Extensions for Next-Generation Parallel Programming Models</ce:title>",
issn = "0167-8191",
doi = "10.1016/j.parco.2011.10.003",
url = "http://www.sciencedirect.com/science/article/pii/S0167819111001347",
author = "George Bosilca and Aurelien Bouteiller and Anthony Danalis and Thomas Herault and Pierre Lemarinier and Jack Dongarra",
keywords = "HPC",
keywords = "Micro-task DAG",
keywords = "Heterogeneous architectures",
keywords = "Architecture aware scheduling"
}

@article {CPE:CPE1829,
author = {Haidar, Azzam and Ltaief, Hatem and YarKhan, Asim and Dongarra, Jack},
title = {Analysis of dynamically scheduled tile algorithms for dense linear algebra on multicore architectures},
journal = {Concurrency and Computation: Practice and Experience},
volume = {24},
number = {3},
publisher = {John Wiley & Sons, Ltd},
issn = {1532-0634},
url = {http://dx.doi.org/10.1002/cpe.1829},
doi = {10.1002/cpe.1829},
pages = {305--321},
keywords = {dense linear algebra, dynamic scheduling, looking variants, multicore architectures},
year = {2012},
}

@MISC{Higham95iterativerefinement,
    author = {Nicholas J. Higham},
    title = {Iterative Refinement and LAPACK},
    year = {1995}
}
